@article{hartman2020superwide,
  title={The SUPERWIDE Catalog: A Catalog of 99,203 Wide Binaries Found in Gaia and Supplemented by the SUPERBLINK High Proper Motion Catalog},
  author={Hartman, Zachary D and L{\'e}pine, S{\'e}bastien},
  journal={The Astrophysical Journal Supplement Series},
  volume={247},
  number={2},
  pages={66},
  year={2020},
  publisher={IOP Publishing}
}

@article{einstein,
    author =       "Albert Einstein",
    title =        "{Zur Elektrodynamik bewegter K{\"o}rper}. ({German})
    [{On} the electrodynamics of moving bodies]",
    journal =      "Annalen der Physik",
    volume =       "322",
    number =       "10",
    pages =        "891--921",
    year =         "1905",
    DOI =          "http://dx.doi.org/10.1002/andp.19053221004",
}